This file was created with JabRef 1.8.1.
Encoding: UTF8

@MISC{Demuth1998,
  author = {Howard Demuth and Mark Beale},
  title = {Neural Network Toolbox User's Guide},
  month = jan,
  year = {1998},
  owner = {jt},
  timestamp = {2007.06.30},
}

@MISC{bittel2007,
  author = {Prof. Dr. Oliver Bittel},
  title = {Neuronale Netze},
  howpublished = {Vorlesungsunterlagen an der HTWG Konstanz},
  year = 2007
}