This file was created with JabRef 2.2.
Encoding: UTF8

@INPROCEEDINGS{HildrumKRZ02,
  author = {Kirsten Hildrum and John D. Kubiatowicz and Satish Rao and Ben Y.
	Zhao},
  title = {Distributed object location in a dynamic network},
  booktitle = {SPAA '02: Proceedings of the fourteenth annual ACM symposium on Parallel
	algorithms and architectures},
  year = {2002},
  pages = {41--52},
  address = {New York, NY, USA},
  publisher = {ACM Press},
  doi = {http://doi.acm.org/10.1145/564870.564877},
  isbn = {1-58113-529-7},
  location = {Winnipeg, Manitoba, Canada}
}

@MISC{Pastry,
  author = {Timo Holm},
  title = {Pastry: Ein skalierbarer und verteilter Location-Service},
  year = {2002},
  url = {http://www4.informatik.uni-erlangen.de/Lehre/SS02/HS_DOOS/pdf/handout-sitiholm.pdf}
}

@INPROCEEDINGS{PlaxtonRR97,
  author = {C. Greg Plaxton and Rajmohan Rajaraman and Andr{\'e}a W. Richa},
  title = {Accessing Nearby Copies of Replicated Objects in a Distributed Environment.},
  booktitle = {SPAA},
  year = {1997},
  pages = {311-320},
  ee = {http://doi.acm.org/10.1145/258492.258523}
}

@INPROCEEDINGS{Pastry-Middleware,
  author = {Antony Rowstron and Peter Druschel},
  title = {Pastry: {Scalable,} distributed object location and routing for large-scale
	peer-to-peer systems},
  booktitle = {IFIP/ACM International Conference on Distributed Systems Platforms
	(Middleware)},
  year = {2001},
  pages = {329-350},
  month = nov,
  location = {Heidelberg, Germany}
}

@MISC{Schindelhauer2004,
  author = {Christian Schindelhauer and Peter Mahlmann},
  title = {Vorlesungsskript Algorithmen f√ºr Peer-to-Peer-Netzwerke},
  month = oct,
  year = {2004},
  owner = {jt},
  timestamp = {2007.06.10},
  url = {http://wwwcs.upb.de/cs/ag-madh/WWW/Teaching/2004SS/AlgoP2P/Skript/skript-04-4.pdf}
}

@ARTICLE{tapestry_jsac,
  author = {Ben Y. Zhao and Ling Huang and Sean C. Rhea and Jeremy Stribling
	and Anthony D Joseph and John D. Kubiatowicz},
  title = {Tapestry: A Global-scale Overlay for Rapid Service Deployment},
  journal = {{IEEE} J-SAC},
  year = {2004},
  volume = {22},
  pages = {41--53},
  number = {1},
  month = {January}
}

@TECHREPORT{TapestryTR,
  author = {Ben Y. Zhao and John D. Kubiatowicz and Anthony D. Joseph},
  title = {Tapestry: An Infrastructure for Fault-tolerant Wide-area Location
	and Routing},
  institution = {U. C. Berkeley},
  year = {2001},
  number = {CSD-01-1141},
  month = {Apr}
}

