@MISC{din9000,
	key = {{DIN EN ISO 9000}},
	note = {NORM DIN EN ISO 9000}, 
	type = {Norm},
	title = {Qualitätsmanagementsysteme – Grundlagen und Begriffe},
	year = 2005,
	mon = dec,
}

@MISC{din9001,
	key = {{DIN EN ISO 9001}},
	note = {NORM DIN EN ISO 9001}, 
	type = {Norm},
	title = {Qualitätsmanagementsysteme – Anforderungen},
	year = 2000,
	mon = dec,
}

@MISC{din9004,
	key = {{DIN EN ISO 9004}},
	note = {NORM DIN EN ISO 9004}, 
	type = {Norm},
	title = {Qualitätsmanagementsysteme – Leitfaden zur Leistungsverbesserung},
	year = 2000,
	mon = dec,
}

@Booklet{url:zert,
  title = {Zertifizierung von Qualitätsmanagement-Systemen},
  author = {J. Koch},
  year = 1998,
  month = mar,
  url = {http://www.stbg.de/Zeitung/se398/quali.htm},
  lastchecked = {16.06.2007}
}

@misc{quas,
  title = {Vorlesungsunterlagen Qualitätssicherung und Produkthaftung},
  author = {Bernd Wiedenroth},
  year = 2007
}

@misc{wittmeier,
  title = {Zielsetzung und Vorgehensweise bei der Einführung eines QMS auf Basis der ISO 9001:2000 in einem Unternehmen},
  author = {Steffen Wittmeier},
  year = 2005,
  mon = jun
}