This file was created with JabRef 2.1.
Encoding: UTF8

@MISC{url:UniPaderborn,
  author = {Prof. Dr. H. Kleine Büning and Oliver Kramer and Chuan-Kang Ting
	and Daniel Aslan},
  title = {Genetische Algorithmen - Ausarbeitung im Rahmen des Seminars „Evolutionäre
	Algorithmen“},
  url = {http://wwwcs.uni-paderborn.de/cs/ag-klbue/de/courses/ws04/ea/students/ga_report.pdf}
}

@MISC{ErbenSkript,
  author = {Prof. Dr. W. Erben},
  title = {Genetische Algorithmen - Klassische Genetische Algorithmen},
  howpublished = {Skriptum HTWG Konstanz},
  year = {SS 2007}
}

@MISC{url:geatbx-documentation,
  author = {Hartmut Pohlheim},
  title = {GEATbx: Genetic and Evolutionary Algorithm Toolbox for use with MATLAB
	Documentation},
  year = {2005},
  url = {http://www.geatbx.com/docu/index.html}
}

@BOOK{Reinelt94,
  title = {The Traveling Salesman, Computational Solutions for TSP Applications},
  publisher = {Springer},
  year = {1994},
  author = {Gerhard Reinelt},
  volume = {840},
  series = {Lecture Notes in Computer Science},
  isbn = {3-540-58334-3},
  date = {2003-01-03},
  description = {dblp},
  url = {http://link.springer.de/link/service/series/0558/tocs/t0840.htm}
}

@MISC{url:RouletteSelsus,
  author = {Eckart Zitzler and Lothar Thiele},
  title = {Evolutionary Methods in Multi-Objective Optimization},
  year = {2003},
  url = {http://www.tik.ee.ethz.ch/~thiele/NUS/EMO1.pdf}
}

@MISC{Berg93,
  author = {Andreas Bergmann},
  title = {Adaptive Steuerung von Strategieparametern bei genetischen Algorithmen},
  year = {1993},
  howpublished = {Universität Bonn},
   url = {http://www.informatik.uni-bonn.de/III/forschung/publikationen/tr/}
}

