This file was created with JabRef 1.8.1.
Encoding: Cp1252

@GD{acid,
  word = {ACID},
  definition = {Akronym für Atomicity, Consistency, Isolation, Durability. Bezeichnet
	Eigenschaften von Datenbank-Transaktionen},
  owner = {sql},
  timestamp = {2006.01.24},
}

@GD{ansi,
  word = {ANSI},
  definition = {American National Standards Institute. US-Normungsstelle und Mitglied
	der ISO},
}

@GD{api,
  word = {API},
  definition = {Application Programming Interface. Schnittstelle, welche ein Softwaresystem
	anderen Programmen zur Verfügung stellt},
  owner = {jt},
  timestamp = {2005.10.29},
}

@GD{asp,
  word = {ASP},
  definition = {Active Server Pages. Erzeugt mithilfe einer Skriptsprache serverseitig
	Webseiten},
  owner = {jt},
  timestamp = {2006.01.08},
}

@GD{blob,
  word = {BLOB},
  definition = {Large Binary Object},
}

@GD{cdata,
  word = {CDATA},
  definition = {Character Data. Zeichenkette (String) in einer DTD},
}

@GD{clob,
  word = {CLOB},
  definition = {Character Large Object. Datentyp der z.B. von Oracle unterstützt wird.},
  owner = {Christoph},
  timestamp = {2005.10.31},
}

@GD{com,
  word = {COM},
  definition = {Component Object Model},
  owner = {Christoph},
  timestamp = {2006.01.13},
}

@GD{css,
  word = {CSS},
  definition = {Cascading Style Sheets. Stylesheet-Sprache für strukturierte Daten
	wie z.B. \acr{html}},
  owner = {jt},
  timestamp = {2005.11.20},
}

@GD{dbms,
  word = {DBMS},
  definition = {Datenbankmanagementsystem. Sammlung von Programmen, welche die Speicherung
	und Verwaltung von Daten in einer Datenbank ermöglichen},
  owner = {jt},
  timestamp = {2005.11.12},
}

@GD{dml,
  word = {DML},
  definition = {Data Manipulation Language. Teil der Datenbanksprache \acr{sql}},
  owner = {jt},
  timestamp = {2005.11.12},
}

@GD{dom,
  word = {DOM},
  definition = {Document Object Model. Siehe \ref{xml-einfuehrung-dom}},
}

@GD{dtd,
  word = {DTD},
  definition = {Document Type Definition. Deklaration der Struktur eines SGML-""Dokumentes},
}

@GD{erm,
  word = {ERM},
  definition = {Entity Relationship Modell. Dient der Datenmodellierung im Zusammenhang
	mit relationalen Datenbanken.},
  owner = {jt},
  timestamp = {2006.01.09},
}

@GD{gnu,
  word = {GNU},
  definition = {Rekursives Akronym: GNU's not Unix. Bezeichnet eine vollständig freie
	Unix-Alternative},
  owner = {jt},
  timestamp = {2006.01.14},
}

@GD{html,
  word = {HTML},
  definition = {HyperText Markup Language. Auszeichnungsformat für HyperText im World
	Wide Web},
}

@GD{http,
  word = {HTTP},
  definition = {HyperText Transfer Protocol. Zustandsloses Datentransferprotokoll},
}

@GD{ir,
  word = {IR},
  definition = {Information Retrieval. Relevante Informationen aus Dokumenten erfassen.},
  owner = {Christoph},
  timestamp = {2005.11.06},
}

@GD{iso,
  word = {ISO},
  definition = {International Organization for Standardization. Internationale Vereinigung
	von Standardisierungsgremien},
}

@GD{lgpl,
  word = {LGPL},
  definition = {\acr{gnu} Lesser General Public License. Eine von der Free Software
	Foundation entwickelte freie Lizenz},
  owner = {jt},
  timestamp = {2006.01.14},
}

@GD{odbtp,
  word = {ODBTP},
  definition = {Open Database Transport Protocol},
  owner = {Christoph},
  timestamp = {2006.01.13},
}

@GD{pdf,
  word = {PDF},
  definition = {Portable Document Format. Plattformübergreifendes Dokumentenformat
	von der Firma Adobe.},
  owner = {jt},
  timestamp = {2006.01.13},
}

@GD{pear,
  word = {PEAR},
  definition = {PHP Extension and Application Repository. Erweiterungs-Sammlung für
	die Skriptsprache \acr{php}},
  owner = {jt},
  timestamp = {2005.11.20},
}

@GD{php,
  word = {PHP},
  definition = {rekursives Akronym: PHP: Hypertext Preprocessor. Skriptsprache mit
	C-ähnlicher Syntax.},
  owner = {jt},
  timestamp = {2005.11.20},
}

@GD{plsql,
  word = {PL/SQL},
  definition = {ist eine proprietäre Programmiersprache der Firma Oracle},
  owner = {sql},
  timestamp = {2006.01.23},
}

@GD{rdbms,
  word = {RDBMS},
  definition = {relationales Datenbankmanagementsystem. Siehe \acr{dbms}},
  owner = {sql},
  timestamp = {2006.01.23},
}

@GD{rdf,
  word = {RDF},
  definition = {Resource Description Framework. Spezifikation eines Modells zur Darstellung
	von Metadaten},
}

@GD{rest,
  word = {REST},
  definition = {Representational State Transfer},
  owner = {jt},
  timestamp = {2005.10.29},
}

@GD{rpc,
  word = {RPC},
  definition = {Remote Procedure Call. Protokoll für verteilte Anwendungen},
}

@GD{rss,
  word = {RSS},
  definition = {RDF Site Summary},
  owner = {Christoph},
  timestamp = {2005.10.31},
}

@GD{sax,
  word = {SAX},
  definition = {Simple API for XML. Siehe \ref{xml-einfuehrung-sax}},
}

@GD{sgml,
  word = {SGML},
  definition = {Standard Generalized Markup Language. Metasprache, ISO-Standard},
}

@GD{soap,
  word = {SOAP},
  definition = {(ursprünglich) Simple Object Access Protocol. Datenaustauschprotokoll,
	Durchführung von \acr{rpc}s},
}

@GD{sql,
  word = {SQL},
  definition = {Structured Query Language. Deklarative Abfrage-Sprache für relationale
	Datenbanken.},
  owner = {jt},
  timestamp = {2005.11.02},
}

@GD{sqlmm,
  word = {SQL/MM},
  definition = {SQL Multimedia and Application Packages. SQL/MM ist der Oberbegriff
	für einige Erweiterungen des SQL-Standards.},
  owner = {Christoph},
  timestamp = {2005.11.25},
}

@GD{svg,
  word = {SVG},
  definition = {Scalable Vector Graphics. Sprache zur Beschreibung von Vektorgrafiken},
}

@GD{uml,
  word = {UML},
  definition = {Unified Modeling Language. Standardisierte Sprache zur Modellierung
	von (Software-)Systemen.},
  owner = {jt},
  timestamp = {2006.01.09},
}

@GD{w3c,
  word = {W3C},
  definition = {World Wide Web Consortium. Gremium zur Standardisierung von Webtechniken},
}

@GD{wml,
  word = {WML},
  definition = {Wireless Markup Language. Stark reduzierte \acr{html}-Fassung für
	die Darstellung auf mobilen Klienten.},
  owner = {jt},
  timestamp = {2005.11.13},
}

@GD{xhtml,
  word = {XHTML},
  definition = {Extensible HyperText Markup Language. Auf XML basierender Nachfolger
	zu HTML},
}

@GD{xml,
  word = {XML},
  definition = {Extensible Markup Language. Siehe \ref{xml-einfuehrung-was-ist}},
}

@GD{xml-rpc,
  word = {XML-RPC},
  definition = {XML Remote Procedure Calls. XML als Codierungssprache für die \acr{rpc}s},
  owner = {jt},
  timestamp = {2005.10.29},
}

@GD{xql,
  word = {XQL},
  definition = {XQL steht für XML Query Language und bezeichnet den Vorläufer der
	Anfragesprache XQuery.},
  owner = {Christoph},
  timestamp = {2005.11.25},
}

@GD{xsd,
  word = {XSD},
  definition = {XML Schema Definition. Schemasprache zur Strukturdefinition eines
	XML-""Dokumentes},
}

@GD{xsl,
  word = {XSL},
  definition = {Extensible Stylesheet Language. Sprachfamilie zur Erzeugung von Layouts
	von XML-Dokumenten},
}

@GD{xsl-fo,
  word = {XSL-FO},
  definition = {XSL Formatting Objects. Dient z.B. der Erstellung von hochwertigen
	Druckerzeugnissen},
  owner = {jt},
  timestamp = {2005.10.24},
}

@GD{xslt,
  word = {XSLT},
  definition = {XSL Transformations. XSL-Dialekt, dient zur Transformation eines XML-""Dokumentes
	in beliebiges anderes Format},
}

@comment{jabref-entrytype: Gd: req[word;definition] opt[short;group;heading;sort-word]}

