This file was created with JabRef 1.8.1.
Encoding: Cp1252

@MISC{url:amazon,
  author = {Amazon.com},
  title = {Amazon.com Help},
  year = {2005},
  owner = {jt},
  timestamp = {2005.10.24},
  url = {http://www.amazon.com/gp/aws/landing.html},
}

@BOOK{Ambler2003,
  title = {Agile Database Techniques - Effective Strategies for the Agile Software
	Developer},
  publisher = {Wiley Publishing, Inc.},
  year = {2003},
  author = {Scott W. Ambler},
  owner = {jt},
  timestamp = {2005.10.21},
}

@MISC{url:RonaldBourret-oracle,
  author = {Ronald Bourret},
  title = {XML Database Products - XML Enabled: Oracle},
  month = nov,
  year = {2005},
  owner = {Christoph},
  timestamp = {2005.11.06},
  url = {http://www.rpbourret.com/xml/ProdsXMLEnabled.htm#oracle},
}

@MISC{url:RonaldBourret-what.is.a.nativ.db,
  author = {Ronald Bourret},
  title = {XML and Databases - What is a Native XML Database?},
  month = sep,
  year = {2005},
  owner = {Christoph},
  timestamp = {2005.10.31},
  url = {http://www.rpbourret.com/xml/XMLAndDatabases.htm#nativedefinition},
}

@MISC{url:RonaldBourret-exist,
  author = {Ronald Bourret},
  title = {XML Database Products - XML Native: eXist},
  month = mar,
  year = {2004},
  owner = {Christoph},
  timestamp = {2005.11.06},
  url = {http://www.rpbourret.com/xml/ProdsNative.htm#exist},
}

@MISC{url:W3C-XML-Spec,
  author = {Tim Bray and Jean Paoli and C. M. Sperberg-McQueen and Eve Maler
	and François Yergeau and John Cowan},
  title = {Extensible Markup Language (XML) 1.1},
  month = apr,
  year = {2004},
  url = {http://www.w3.org/TR/xml11/},
}

@MISC{url:Chamberlin2005,
  author = {Don Chamberlin and Jonathan Robie},
  title = {XQuery Update Facility Requirements},
  month = jun,
  year = {2005},
  owner = {jt},
  timestamp = {2005.11.12},
  url = {http://www.w3.org/TR/xquery-update-requirements/},
}

@MISC{url:Champion2004,
  author = {Michael Champion},
  title = {XQuery Update},
  month = jun,
  year = {2004},
  owner = {jt},
  timestamp = {2005.11.12},
  url = {http://www.xml.gov/presentations/softwareag1/XQueryUpdate.ppt},
}

@BOOK{Chaudhri2003,
  title = {XML Data Management - Native XML and XML-Enabled Database Systems},
  publisher = {Addison-Wesley},
  year = {2003},
  author = {Akmal B. Chaudhri and Awais Rashid and Roberto Zicari},
  owner = {jt},
  timestamp = {2005.10.28},
}

@MISC{url:Clark1999,
  author = {James Clark},
  title = {XSL Transformations (XSLT) Version 1.0},
  month = nov,
  year = {1999},
  owner = {jt},
  timestamp = {2005.11.13},
  url = {http://www.w3.org/TR/xslt},
}

@BOOK{Eckstein2002,
  title = {XML kurz \& gut},
  publisher = {O'Reilly},
  year = {2002},
  author = {Robert Eckstein and Michel Casabianca},
  owner = {jt},
  timestamp = {2005.10.22},
}

@MISC{url:oracleTechnologyXML,
  author = {Jonathan Gennick},
  title = {SQL in, XML out},
  month = may,
  year = {2003},
  owner = {db},
  timestamp = {2006.01.12},
  url = {http://www.oracle.com/technology/oramag/oracle/03-may/o33xml.html},
}

@BOOK{Herpers2002,
  title = {XSL. Das Einsteigerseminar},
  publisher = {vmi Buch},
  year = {2002},
  author = {Franz-Josef Herpers and Thomas J. Sebestyen},
}

@MISC{url:W3C-DOM-Core,
  author = {Arnaud Le Hors and Philippe Le Hégaret and Lauren Wood and Gavin
	Nicol and Jonathan Robie and Mike Champion and Steve Byrne},
  title = {Document Object Model (DOM) Level 3 Core Specification},
  month = apr,
  year = {2004},
  owner = {jt},
  timestamp = {2005.10.22},
  url = {http://www.w3.org/TR/DOM-Level-3-Core/},
}

@MISC{url:Klettke2005,
  author = {Meike Klettke},
  title = {XML-Updates und Schemaevolution},
  howpublished = {online},
  month = jul,
  year = {2005},
  owner = {jt},
  timestamp = {2005.11.12},
  url = {http://www.xml-und-datenbanken.de/folien_buch/2005/12_update_schemaevolution.ppt},
}

@MISC{url:Klettke2005b,
  author = {Meike Klettke},
  title = {Modellierung von XML-Anwendungen},
  month = jul,
  year = {2005},
  owner = {jt},
  timestamp = {2006.01.13},
  url = {http://www.xml-und-datenbanken.de/folien_buch/2005/7_modellierung_2005_teil2.ppt},
}

@BOOK{KlettkeMeyer,
  title = {XML \& Datenbanken - Konzepte, Sprachen und Systeme},
  publisher = {dpunkt.verlag GmbH},
  year = {2003},
  author = {Meike Klettke and Holger Meyer},
  owner = {Christoph},
  timestamp = {2005.10.31},
}

@MISC{url:Laux2000,
  author = {Andreas Laux and Lars Martin},
  title = {XML:DB Initiative: XUpdate - XML Update Language},
  month = sep,
  year = {2000},
  owner = {jt},
  timestamp = {2005.11.12},
  url = {http://xmldb-org.sourceforge.net/xupdate/xupdate-wd.html},
}

@MASTERSTHESIS{Lehti2001,
  author = {Patrick Lehti},
  title = {Design and Implementation of a Data Manipulation Processor for an
	XML Query Language},
  school = {Technische Universität Darmstadt},
  year = {2001},
  type = {DA},
  month = aug,
  owner = {jt},
  timestamp = {2005.11.12},
  url = {http://www.lehti.de/beruf/diplomarbeit.pdf},
}

@MISC{url:Meier,
  author = {Wolfgang Meier},
  title = {Open Source Native XML Database - Fact Sheet},
  year = {2005},
  owner = {jt},
  timestamp = {2005.10.29},
  url = {http://exist.sourceforge.net/facts.html},
}

@MISC{url:Meier2005,
  author = {Wolfgang Meier},
  title = {eXist :: Roadmap},
  month = nov,
  year = {2005},
  owner = {jt},
  timestamp = {2005.10.29},
  url = {http://wiki.exist-db.org/space/Roadmap},
}

@MISC{url:Meier2005b,
  author = {Wolfgang Meier},
  title = {Open Source Native XML Database},
  year = {2005},
  owner = {jt},
  timestamp = {2005.10.29},
  url = {http://exist.sourceforge.net/},
}

@BOOK{OracleSQL,
  title = {Oracle9i - SQL Reference},
  publisher = {Oracle},
  year = {2002},
  author = {Oracle},
  owner = {db},
  timestamp = {2006.01.12},
}

@MISC{url:OracleXMLFAQ,
  author = {Frank Naudé},
  title = {Oracle XML FAQ},
  month = jan,
  year = {2004},
  owner = {db},
  timestamp = {2005.15.25},
  url = {http://www.orafaq.com/faqxml.htm},
}

@MISC{url:Papakonstantinou1999,
  author = {Yannis Papakonstantinou},
  title = {B+ and B-Trees},
  month = aug,
  year = {1999},
  owner = {jt},
  timestamp = {2005.10.29},
  url = {http://feast.ucsd.edu/CSE232W99/Indexing/sld019.htm},
}

@BOOK{Schoening2003,
  title = {XML und Datenbanken - Konzepte und Systeme},
  publisher = {Hanser},
  year = {2003},
  author = {Harald Schöning},
  owner = {jt},
  timestamp = {2005.10.22},
}

@MISC{url:Staken,
  author = {Kimbro Staken},
  title = {XML:DB XUpdate Use Cases},
  year = {2001},
  owner = {jt},
  timestamp = {2005.11.12},
  url = {http://www.xmldatabases.org/projects/XUpdate-UseCases/},
}

@BOOK{Tuerker2003,
  title = {SQL 1999 \& SQL 2003 - Objektrelationales SQL, SQLJ und SQL/XML},
  publisher = {dpunkt.Verlag GmbH},
  year = {2003},
  author = {Can Türker},
  owner = {db},
  timestamp = {2005.11.25},
}

@MISC{url:tu-chemniz,
  author = {Christian Vogel},
  title = {Proseminar: XML-basierte Technologien XPath},
  year = {2004},
  owner = {db},
  timestamp = {2005.11.25},
  url = {http://rnvs.informatik.tu-chemnitz.de/proseminare/xml04/doku/xpath/},
}

@MISC{url:obqo,
  author = {W3C, Oliver Becker},
  title = {XML Path Language (XPath) Version 1.0 - Deutsche, kommentierte Übersetzung},
  month = feb,
  year = {2002},
  url = {http://www.obqo.de/w3c-trans/xpath-de-20020226},
}

@MISC{url:nmtoken-wikipedia,
  author = {Wikipedia},
  title = {Dokumenttypdefinition},
  month = nov,
  year = {2005},
  owner = {Christoph},
  timestamp = {2005.11.25},
  url = {http://de.wikipedia.org/w/index.php?title=Dokumenttypdefinition&oldid=10864888#NMTOKEN-Deklarationen},
}

@MISC{url:heise-online,
  author = {{heise online}},
  title = {Neuheiten-Welle beim W3C},
  month = nov,
  year = {2005},
  owner = {db},
  timestamp = {2005.11.25},
  url = {http://www.heise.de/newsticker/meldung/65775},
}

@MISC{url:SQLSERV05_NEW_FOR_XML,
  author = {{Microsoft Corporation}},
  title = {What's New in FOR XML in Microsoft SQL-Server 2005},
  month = jun,
  year = {2005},
  owner = {Christoph},
  timestamp = {2006.01.09},
  url = {http://msdn.microsoft.com/library/default.asp?url=/library/en-us/dnsql90/html/forxml2k5.asp},
}

@MISC{url:SQLSERV05_XML_INDEX,
  author = {{Microsoft Corporation}},
  title = {XML Indexes in SQL-Server 2005},
  month = aug,
  year = {2005},
  owner = {Christoph},
  timestamp = {2006.01.09},
  url = {http://msdn.microsoft.com/library/default.asp?url=/library/en-us/dnsql90/html/xmlindexes.asp},
}

@MISC{url:SQLSERV05_XML_SUPPORT,
  author = {{Microsoft Corporation}},
  title = {XML Support in Microsoft SQL-Server 2005},
  month = dec,
  year = {2005},
  owner = {Christoph},
  timestamp = {2006.01.06},
  url = {http://msdn.microsoft.com/library/default.asp?url=/library/en-us/dnsql90/html/sql2k5xml.asp},
}

@MISC{url:SQLSERV05_XQUERY,
  author = {{Microsoft Corporation}},
  title = {Introduction to XQuery in SQL-Server 2005},
  month = jun,
  year = {2005},
  owner = {Christoph},
  timestamp = {2006.01.09},
  url = {http://msdn.microsoft.com/library/default.asp?url=/library/en-us/dnsql90/html/sql2k5_xqueryintro.asp},
}

@MISC{url:SQLSERV05_XML_BEST_PRAC05,
  author = {{Microsoft Corporation}},
  title = {XML Best Practices for Microsoft SQL-Server 2005},
  month = apr,
  year = {2004},
  owner = {sql},
  timestamp = {2006.01.20},
  url = {http://msdn.microsoft.com/library/default.asp?url=/library/en-us/dnsql90/html/sql25xmlbp.asp},
}

@MISC{url:SQLSERV05_BULK_LOAD,
  author = {{Microsoft Corporation}},
  title = {Performing Bulk Load of XML Data},
  owner = {Christoph},
  timestamp = {2006.01.09},
  url = {http://msdn.microsoft.com/library/default.asp?url=/library/en-us/sqlxml3/htm/bulkload_7pv0.asp},
}

@MISC{url:oracleXQuery,
  author = {{Oracle}},
  title = {Oracle XQuery},
  year = {2005},
  owner = {db},
  timestamp = {2006.01.12},
  url = {http://www.oracle.com/technology/tech/xml/xquery/index.html},
}

@MISC{url:PHP_COM,
  author = {{The PHP Group}},
  title = {PHP COM},
  month = sep,
  year = {2005},
  owner = {Christoph},
  timestamp = {2006.01.13},
  url = {http://de.php.net/COM},
}

@MISC{url:W3C-XML-10P,
  author = {{W3C Communications Team}},
  title = {XML in 10 points},
  month = nov,
  year = {2001},
  url = {http://www.w3c.org/XML/1999/XML-in-10-points},
}

