This file was created with JabRef 1.8.1.
Encoding: UTF8

@BOOK{Alpaydin2004,
  title = {Introduction to Machine Learning},
  publisher = {The MIT Press},
  year = {2004},
  author = {Ethem Alpaydin},
}

@BOOK{Goerz2000,
  title = {Handbuch der Künstlichen Intelligenz},
  publisher = {Oldenbourg},
  year = {2000},
  author = {Günther Görz and Claus-Rainer Rollinger and Josef Schneeberger},
  volume = {3},
  isbn = {3-486-25049-3},
  owner = {jt},
}

@BOOK{Mitchell1997,
  title = {Machine Learning},
  publisher = {McGraw-Hill},
  year = {1997},
  author = {Tom M. Mitchell},
}

@ARTICLE{Riedmiller2006,
  author = {Martin A. Riedmiller and Thomas Gabel and Roland Hafner and Sascha
	Lange and Martin Lauer},
  title = {Die Brainstormers: Entwurfsprinzipien lernfähiger autonomer Roboter},
  journal = {Informatik Spektrum},
  year = {2006},
  volume = {29},
  pages = {175-190},
  number = {3},
  month = {Juni},
  owner = {jt},
  url = {http://www.springerlink.com/content/6722871528t5h131/},
}

@BOOK{Russell2004,
  title = {Künstliche Intelligenz. Ein moderner Ansatz},
  publisher = {Pearson Studium},
  year = {2004},
  author = {Stuart Russell and Peter Norvig},
  volume = {2},
  isbn = {3-8273-7089-2},
  owner = {ck},
}

@BOOK{Sutton1998,
  title = {Reinforcement Learning: An Introduction},
  publisher = {The MIT Press},
  year = {1998},
  author = {Richard S. Sutton and Andrew G. Barto},
  url = {http://www-anw.cs.umass.edu/~rich/book/the-book.html},
}

@MISC{url:Neuroinformatics2006,
  author = {{Arbeitsgruppe Neuroinformatik Universität Osnabrück}},
  title = {Brainstormers Tribots: Home},
  year = {2006},
  owner = {jt},
  timestamp = {2006.11.28},
  url = {http://www.ni.uos.de/index.php?id=25&L=1},
}

@MISC{url:Tribots2006,
  author = {{Arbeitsgruppe Neuroinformatik Universität Osnabrück}},
  title = {Brainstormers Tribots: Roboter},
  year = {2006},
  owner = {jt},
  timestamp = {2006.11.29},
  url = {http://www.ni.uos.de/index.php?id=513&L=1},
}

@MISC{wikipedia,
  author = {Wikipedia},
  title = {Künstliches neuronales Netz},
  month = jan,
  year = {2007},
  url = {http://de.wikipedia.org/w/index.php?title=K%C3%BCnstliches_neuronales_Netz&oldid=26688307}
}