This file was created with JabRef 2.1.
Encoding: UTF8

@INPROCEEDINGS{Curtis1997,
  author = {Cassidy J. Curtis and Sean E. Anderson and Joshua E. Seims and Kurt
	W. Fleischer and David Salesin},
  title = {Computer-generated Watercolor},
  booktitle = {SIGGRAPH},
  year = {1997},
  volume = {31},
  pages = {421-430},
  bibsource = {DBLP, http://dblp.uni-trier.de},
  url = {http://citeseer.ist.psu.edu/curtis97computergenerated.html}
}

@ARTICLE{Deussen2001,
  author = {Oliver Deussen},
  title = {Nichtrealistische Computergraphik, Algorithmen und Anwendungen},
  journal = {Informatik Spektrum},
  year = {2001},
  volume = {24},
  pages = {71-80},
  number = {2},
  month = {April},
  owner = {ck}
}

@INPROCEEDINGS{Deussen2000,
  author = {Oliver Deussen and Thomas Strothotte},
  title = {Computer-Generated Pen-and-Ink Illustration of Trees},
  booktitle = {Siggraph 2000, Computer Graphics Proceedings},
  year = {2000},
  editor = {Kurt Akeley},
  pages = {13-18},
  publisher = {ACM Press / ACM SIGGRAPH / Addison Wesley Longman},
  url = {citeseer.ist.psu.edu/deussen00computergenerated.html}
}

@MISC{Laerhoven2004,
  author = {T. Van Laerhoven and J. Liesenborgs and F. Van Reeth},
  title = {Realtime Watercolor Painting on a Distributed Paper Model},
  year = {2004},
  text = {T. Van Laerhoven, J. Liesenborgs, and F. Van Reeth. Realtime watercolor
	painting on a distributed paper model. In Proceedings of Computer
	Graphics International 2004.},
  url = {http://citeseer.ist.psu.edu/vanlaerhoven04realtime.html}
}

@ARTICLE{Luft2006,
  author = {Thomas Luft and Oliver Deussen},
  title = {Real-Time Watercolor for Animation},
  journal = {Journal of Computer Science and Technology},
  year = {2006},
  volume = {21},
  pages = {159-165},
  number = {2},
  month = {mar},
  address = {Beijing, China},
  publisher = {Institute of Computing Technology},
  url = {http://graphics.uni-konstanz.de/forschung/npr/watercolor/}
}

@ARTICLE{Phong1975,
  author = {Bui Tuong Phong},
  title = {Illumination for computer generated pictures},
  journal = {Communications of the ACM},
  year = {1975},
  volume = {18},
  pages = {311-317},
  number = {6},
  address = {New York, NY, USA},
  issn = {0001-0782},
  publisher = {ACM Press}
}